@Book{kottwitz2011latex,
 author = {Kottwitz, Stefan},
 title = {LaTeX beginner's guide},
 publisher = {Packt},
 year = {2011},
 address = {Birmingham, UK},
 isbn = {9781847199867}
 }

 @misc{github2014,
  author = {Santhos Baala, RS},
  title = {VIT MS Project Report Class},
  year = {2014},
  address = {VIT University, Vellore},
  note = {\\\url{https://github.com/santhosbaala/vitmsprojectreport}}
 }

 @manual{algorithmicx2005,
  author = {Szasz Janos},
  title = {The algorithmicx package},
  year = {2005},
  organization = {Indiana State University, USA},
  note = {\\\url{http://cs.indstate.edu/CS695/algorithmicx.pdf}}
 }