@Book{fowler2004uml,
 author = {Fowler, Martin},
 title = {UML distilled : a brief guide to the standard object modeling language},
 publisher = {Addison-Wesley},
 year = {2004},
 address = {Boston},
 isbn = {0321193687}
}

@Book{myers1979the,
 author = {Myers, Glenford},
 title = {The art of software testing},
 publisher = {Wiley},
 year = {1979},
 address = {New York},
 isbn = {0471043281}
 }